<?xml version="1.0" encoding="UTF-8"?><collection xmlns="http://www.loc.gov/MARC21/slim"><record><leader>00384nam--2200133-i-4500</leader><controlfield tag="001">000015948</controlfield><controlfield tag="002">20161230</controlfield><controlfield tag="005">20161230201031</controlfield><controlfield tag="008">060222s1000------------r-----000-0-eng-d</controlfield><datafield ind1=" " ind2=" " tag="080"><subfield code="a">621.39. 621.3.08</subfield></datafield><datafield ind1=" " ind2=" " tag="100"><subfield code="a">Cooper, Wiliam David</subfield></datafield><datafield ind1=" " ind2=" " tag="245"><subfield code="a">Electronic instrumentation and measurement techniques</subfield></datafield><datafield ind1=" " ind2=" " tag="260"><subfield code="a">Englewood Cliffs, Prentice-hall, Inc., 1970 Xiii + 495 P</subfield></datafield><datafield ind1=" " ind2=" " tag="852"><subfield code="a">76589</subfield></datafield></record></collection>